@article{ec2011communication,
  title={Communication from the Commission to the European Parliament, the Council, the European Economic and Social Committee and the Committee of the Regions},
  author={EC, EC},
  journal={A roadmap for moving to a competitive low carbon economy in},
  volume={2050},
  year={2011}
}

@misc{legg2007collection,
      title={A Collection of Definitions of Intelligence}, 
      author={Shane Legg and Marcus Hutter},
      year={2007},
      eprint={0706.3639},
      archivePrefix={arXiv},
      primaryClass={cs.AI}
}

@book{kant2008groundwork,
  title={Groundwork for the Metaphysics of Morals},
  author={Kant, Immanuel},
  year={2008},
  publisher={Yale University Press}
}

@article{david2015there,
  title={Why are there still so many jobs? The history and future of workplace automation},
  author={David, HJJOEP},
  journal={Journal of economic perspectives},
  volume={29},
  number={3},
  pages={3--30},
  year={2015}
}


@article{graetz2015robots,
  title={Robots at work. Centre for Economic Performance},
  author={Graetz, George and Michaels, Guy},
  journal={CEP Discussion Paper},
  number={1335},
  year={2015}
}

@article{smith2014ai,
  title={AI, Robotics, and the Future of Jobs},
  author={Smith, Aaron and Anderson, Janna},
  journal={Pew Research Center},
  volume={6},
  pages={51},
  year={2014}
}


@article{nemitz2018constitutional,
  title={Constitutional democracy and technology in the age of artificial intelligence},
  author={Nemitz, Paul},
  journal={Philosophical Transactions of the Royal Society A: Mathematical, Physical and Engineering Sciences},
  volume={376},
  number={2133},
  pages={20180089},
  year={2018},
  publisher={The Royal Society Publishing}
}

@article{cadwalladr2017revealed,
  title={Revealed: How US billionaire helped to back Brexit},
  author={Cadwalladr, Carole},
  journal={The Guardian},
  volume={26},
  year={2017}
}

@misc{kirchner2016machine,
  title={Machine Bias—ProPublica},
  author={Kirchner, Lauren and Mattu, Surya and Larson, Jeff and Angwin, Julia},
  year={2016},
  publisher={Propublica. https://www. propublica. org/article/machine-bias-risk~…}
}

@article{gorodnichenko2021social,
  title={Social media, sentiment and public opinions: Evidence from\# Brexit and\# USElection},
  author={Gorodnichenko, Yuriy and Pham, Tho and Talavera, Oleksandr},
  journal={European Economic Review},
  volume={136},
  pages={103772},
  year={2021},
  publisher={Elsevier}
}


@article{bradshaw2017troops,
  title={Troops, trolls and troublemakers: A global inventory of organized social media manipulation},
  author={Bradshaw, Samantha and Howard, Philip},
  year={2017},
  publisher={Oxford Internet Institute}
}

@book{bartlett2018people,
  title={The People vs Tech: How the Internet is killing democracy (and how we save it)},
  author={Bartlett, Jamie},
  year={2018},
  publisher={Random House}
}

@article{spatt2014security,
  title={Security market manipulation},
  author={Spatt, Chester},
  journal={Annu. Rev. Financ. Econ.},
  volume={6},
  number={1},
  pages={405--418},
  year={2014},
  publisher={Annual Reviews}
}

@article{ezrachi2017two,
  title={Two artificial neural networks meet in an online hub and change the future (of competition, market dynamics and society)},
  author={Ezrachi, Ariel and Stucke, Maurice E},
  year={2017},
  publisher={Oxford legal studies research paper}
}


@article{wellman2017ethical,
  title={Ethical issues for autonomous trading agents},
  author={Wellman, Michael P and Rajan, Uday},
  journal={Minds and Machines},
  volume={27},
  number={4},
  pages={609--624},
  year={2017},
  publisher={Springer}
}


@article{pagallo2018apples,
  title={Apples, oranges, robots: four misunderstandings in today's debate on the legal status of AI systems},
  author={Pagallo, Ugo},
  journal={Philosophical Transactions of the Royal Society A: Mathematical, Physical and Engineering Sciences},
  volume={376},
  number={2133},
  pages={20180168},
  year={2018},
  publisher={The Royal Society Publishing}
}

@article{farmer2013ecological,
  title={An ecological perspective on the future of computer trading},
  author={Farmer, J Doyne and Skouras, Spyros},
  journal={Quantitative Finance},
  volume={13},
  number={3},
  pages={325--346},
  year={2013},
  publisher={Taylor \& Francis}
}


@article{citron2018deep,
  title={Deep fakes: A looming crisis for national security, democracy and privacy?},
  author={Citron, Danielle K and Chesney, Robert},
  journal={Lawfare},
  year={2018},
  publisher={The Lawfare Institute}
}

@article{khakurel2018rise,
  title={The rise of artificial intelligence under the lens of sustainability},
  author={Khakurel, Jayden and Penzenstadler, Birgit and Porras, Jari and Knutas, Antti and Zhang, Wenlu},
  journal={Technologies},
  volume={6},
  number={4},
  pages={100},
  year={2018},
  publisher={Multidisciplinary Digital Publishing Institute}
}

@article{guiltinan2009creative,
  title={Creative destruction and destructive creations: environmental ethics and planned obsolescence},
  author={Guiltinan, Joseph},
  journal={Journal of business ethics},
  volume={89},
  number={1},
  pages={19--28},
  year={2009},
  publisher={Springer}
}

@article{strubell2019energy,
  title={Energy and policy considerations for deep learning in NLP},
  author={Strubell, Emma and Ganesh, Ananya and McCallum, Andrew},
  journal={arXiv preprint arXiv:1906.02243},
  year={2019}
}

@article{iglinski2017analysis,
  title={Analysis of the potential of autonomous vehicles in reducing the emissions of greenhouse gases in road transport},
  author={Igli{\'n}ski, Hubert and Babiak, Maciej},
  journal={Procedia engineering},
  volume={192},
  pages={353--358},
  year={2017},
  publisher={Elsevier}
}

@inproceedings{corbett2017algorithmic,
  title={Algorithmic decision making and the cost of fairness},
  author={Corbett-Davies, Sam and Pierson, Emma and Feller, Avi and Goel, Sharad and Huq, Aziz},
  booktitle={Proceedings of the 23rd acm sigkdd international conference on knowledge discovery and data mining},
  pages={797--806},
  year={2017}
}

@article{kroll2018fallacy,
  title={The fallacy of inscrutability},
  author={Kroll, Joshua A},
  journal={Philosophical Transactions of the Royal Society A: Mathematical, Physical and Engineering Sciences},
  volume={376},
  number={2133},
  pages={20180084},
  year={2018},
  publisher={The Royal Society Publishing}
}

@article{winfield2018ethical,
  title={Ethical governance is essential to building trust in robotics and artificial intelligence systems},
  author={Winfield, Alan FT and Jirotka, Marina},
  journal={Philosophical Transactions of the Royal Society A: Mathematical, Physical and Engineering Sciences},
  volume={376},
  number={2133},
  pages={20180085},
  year={2018},
  publisher={The Royal Society Publishing}
}

@article{rahwan2018society,
  title={Society-in-the-loop: programming the algorithmic social contract},
  author={Rahwan, Iyad},
  journal={Ethics and Information Technology},
  volume={20},
  number={1},
  pages={5--14},
  year={2018},
  publisher={Springer}
}

@article{orseau2016safely,
  title={Safely interruptible agents},
  author={Orseau, Laurent and Armstrong, MS},
  year={2016},
  publisher={Association for Uncertainty in Artificial Intelligence}
}

@article{bird2020ethics,
  title={The ethics of artificial intelligence: Issues and initiatives},
  author={Bird, Eleanor and Fox-Skelly, Jasmin and Jenner, Nicola and Larbey, Ruth and Weitkamp, Emma and Winfield, Alan},
  journal={European Parliamentary Research Service},
  year={2020}
}
